% This file was created with JabRef 2.6.
% Encoding: UTF-8

@ARTICLE{Balakrishnan2006,
  author = {Balakrishnan, G. and Reps, T.},
  title = {{Recency-abstraction for heap-allocated storage}},
  journal = {Static Analysis},
  year = {2006},
  pages = {221--239},
  publisher = {Springer}
}

@ELECTRONIC{Crockford2008,
  author = {Douglas Crockford},
  month = {03},
  year = {2008},
  title = {The World's Most Misunderstood Programming Language Has Become the
	World's Most Popular Programming Language},
  url = {http://javascript.crockford.com/popular.html},
  owner = {arcadoss},
  timestamp = {2010.12.09}
}

@CONFERENCE{guarnieri2009gatekeeper,
  author = {Guarnieri, S. and Livshits, B.},
  title = {Gatekeeper: Mostly static enforcement of security and reliability
	policies for JavaScript code},
  booktitle = {Proceedings of the 18th conference on USENIX security symposium},
  year = {2009},
  pages = {151--168},
  organization = {USENIX Association}
}

@CONFERENCE{jang2009points,
  author = {Jang, D. and Choe, K.M.},
  title = {Points-to analysis for JavaScript},
  booktitle = {Proceedings of the 2009 ACM symposium on Applied Computing},
  year = {2009},
  pages = {1930--1937},
  organization = {ACM}
}

@ARTICLE{jenseninterprocedural,
  author = {Jensen, S. and M{\o}ller, A. and Thiemann, P.},
  title = {Interprocedural analysis with lazy propagation},
  journal = {Static Analysis},
  pages = {320--339},
  publisher = {Springer}
}

@ARTICLE{jensen2009type,
  author = {Jensen, S. and M{\o}ller, A. and Thiemann, P.},
  title = {Type analysis for JavaScript},
  journal = {Static Analysis},
  year = {2009},
  pages = {238--255},
  publisher = {Springer}
}

@ARTICLE{Might2006,
  author = {Might, M. and Shivers, O.},
  title = {{Improving flow analyses via $\Gamma$CFA: Abstract garbage collection
	and counting}},
  journal = {ACM SIGPLAN Notices},
  year = {2006},
  volume = {41},
  pages = {13--25},
  number = {9},
  issn = {0362-1340},
  publisher = {ACM}
}

@BOOK{Nielson1999,
  title = {Principles of program analysis},
  publisher = {Springer-Verlag New York Inc},
  year = {1999},
  author = {Nielson, F. and Nielson, H.R. and Hankin, C.},
  isbn = {3540654100}
}

@ARTICLE{specification1999standard,
  title = {Standard ECMA-262},
  journal = {ECMA Standardizing Information and Communication Systems},
  year = {2009},
  volume = {5}
}

@comment{jabref-meta: selector_publisher:}

@comment{jabref-meta: selector_author:}

@comment{jabref-meta: selector_journal:}

@comment{jabref-meta: selector_keywords:}

